<record><leader>00000cas a22000007a 4500</leader><controlfield tag="001">10940122</controlfield><controlfield tag="008">840712d18831886mduwr ne      0    0eng  </controlfield><controlfield tag="009">466</controlfield><datafield ind1=" " ind2=" " tag="010"><subfield code="a">sn 84020492 </subfield></datafield><datafield ind1=" " ind2=" " tag="040"><subfield code="a">DLC</subfield><subfield code="b">eng</subfield><subfield code="c">DLC</subfield><subfield code="d">MFN</subfield><subfield code="d">YOX</subfield><subfield code="d">OCLCQ</subfield><subfield code="d">OCLCF</subfield><subfield code="d">OCLCO</subfield></datafield><datafield ind1=" " ind2=" " tag="042"><subfield code="a">msc</subfield></datafield><datafield ind1="0" ind2="0" tag="050"><subfield code="a">Newspaper</subfield></datafield><datafield ind1="0" ind2=" " tag="130"><subfield code="a">Maryland Republican (Annapolis, Md. : 1883)</subfield></datafield><datafield ind1="0" ind2="0" tag="245"><subfield code="a">Maryland Republican.</subfield></datafield><datafield ind1="1" ind2="7" tag="246"><subfield code="a">Maryland Republican and state journal</subfield><subfield code="f">June 20, 1885-</subfield></datafield><datafield ind1=" " ind2=" " tag="260"><subfield code="a">Annapolis, Md. :</subfield><subfield code="b">Luther F. Colton</subfield></datafield><datafield ind1=" " ind2=" " tag="300"><subfield code="a">v.</subfield></datafield><datafield ind1=" " ind2=" " tag="310"><subfield code="a">Weekly</subfield></datafield><datafield ind1="0" ind2=" " tag="362"><subfield code="a">New vol. 17, no. 1 (June 9, 1883)- = Old vol. 57-</subfield></datafield><datafield ind1="1" ind2=" " tag="362"><subfield code="a">Ceased in 1886.</subfield></datafield><datafield ind1=" " ind2="0" tag="651"><subfield code="a">Annapolis (Md.)</subfield><subfield code="v">Newspapers.</subfield></datafield><datafield ind1=" " ind2="7" tag="655"><subfield code="a">Newspapers.</subfield><subfield code="2">fast</subfield><subfield code="0">(OCoLC)fst01423814</subfield></datafield><datafield ind1=" " ind2="7" tag="651"><subfield code="a">Maryland</subfield><subfield code="z">Annapolis.</subfield><subfield code="2">fast</subfield><subfield code="0">(OCoLC)fst01206088</subfield></datafield><datafield ind1=" " ind2=" " tag="752"><subfield code="a">United States</subfield><subfield code="b">Maryland</subfield><subfield code="c">Anne Arundel</subfield><subfield code="d">Annapolis.</subfield></datafield><datafield ind1="0" ind2="0" tag="780"><subfield code="t">Maryland Republican and state capital advertiser</subfield><subfield code="w">(DLC)sn 84026674</subfield></datafield><datafield ind1="0" ind2="0" tag="785"><subfield code="t">Maryland Republican and state journal</subfield></datafield></record>